

@article{cerda2012reducing,
	Author = {Cerd{\'a}, Magdalena and Morenoff, Jeffrey D and Hansen, Ben B and Hicks, Kimberly J Tessari and Duque, Luis F and Restrepo, Alexandra and Diez-Roux, Ana V},
	Journal = {American journal of epidemiology},
	Number = {10},
	Pages = {1045--1053},
	Title = {Reducing violence by transforming neighborhoods: a natural experiment in Medell{\'\i}n, Colombia},
	Volume = {175},
	Year = {2012}}

@article{neyman:1923,
	Author = {Neyman, J.},
	Journal = {Statistical Science},
	Pages = {463--480},
	Title = {On the application of probability theory to agricultural experiments. Essay on principles. Section 9 (1923)},
	Volume = {5},
	Year = {1923 {[1990]}}}

@article{freedman2008randomization,
	Author = {Freedman, David A.},
	Journal = {Statistical Science},
	Number = {2},
	Pages = {237--249},
	Title = {Randomization does not justify logistic regression},
	Volume = {23},
	Year = {2008}}

